@Article{Hosseini2022,
author={Hosseini, Seyedmajid
and Gottumukkala, Raju
and Katragadda, Satya
and Bhupatiraju, Ravi Teja
and Ashkar, Ziad
and Borst, Christoph W.
and Cochran, Kenneth},
title={A multimodal sensor dataset for continuous stress detection of nurses in a hospital},
journal={Scientific Data},
year={2022},
month={Jun},
day={01},
volume={9},
number={1},
pages={255},
issn={2052-4463},
doi={10.1038/s41597-022-01361-y},
url={https://doi.org/10.1038/s41597-022-01361-y}
}



@INPROCEEDINGS{7754331,
  author={Mohan, P Madhan and Nagarajan, V and Das, Sounak Ranjan},
  booktitle={2016 International Conference on Communication and Signal Processing (ICCSP)}, 
  title={Stress measurement from wearable photoplethysmographic sensor using heart rate variability data}, 
  year={2016},
  volume={},
  number={},
  pages={1141-1144},
  doi={10.1109/ICCSP.2016.7754331}}

 @misc{firbit5366,
  author = {Fitbit by Google},
  title = {{Track, Unpack and Manage Stress}},
  howpublished = "\url{https://www.fitbit.com/global/us/technology/stress}",
  year = {2023}, 
  note = "[Online; accessed 11-April-2023]"
}

@Article{stressmonitoring_iq3244,
AUTHOR = {Iqbal, Talha and Simpkin, Andrew J. and Roshan, Davood and Glynn, Nicola and Killilea, John and Walsh, Jane and Molloy, Gerard and Ganly, Sandra and Ryman, Hannah and Coen, Eileen and Elahi, Adnan and Wijns, William and Shahzad, Atif},
TITLE = {Stress Monitoring Using Wearable Sensors: A Pilot Study and Stress-Predict Dataset},
JOURNAL = {Sensors},
VOLUME = {22},
YEAR = {2022},
NUMBER = {21},
ARTICLE-NUMBER = {8135},
URL = {https://www.mdpi.com/1424-8220/22/21/8135},
PubMedID = {36365837},
ISSN = {1424-8220},
DOI = {10.3390/s22218135}
}

@article{VOS2023105026,
title = {Generalizable machine learning for stress monitoring from wearable devices: A systematic literature review},
journal = {International Journal of Medical Informatics},
volume = {173},
pages = {105026},
year = {2023},
issn = {1386-5056},
doi = {https://doi.org/10.1016/j.ijmedinf.2023.105026},
url = {https://www.sciencedirect.com/science/article/pii/S1386505623000436},
author = {Gideon Vos and Kelly Trinh and Zoltan Sarnyai and Mostafa {Rahimi Azghadi}},
keywords = {Stress, Wearable sensor, Machine learning, Generalization}
}

@article{Modeling_the_Dynamics_of_Physiological,
    doi = {10.1371/journal.pcbi.1002379},
    author = {Sriram, K. AND Rodriguez-Fernandez, Maria AND Doyle, III, Francis J.},
    journal = {PLOS Computational Biology},
    publisher = {Public Library of Science},
    title = {Modeling Cortisol Dynamics in the Neuro-endocrine Axis Distinguishes Normal, Depression, and Post-traumatic Stress Disorder (PTSD) in Humans},
    year = {2012},
    month = {02},
    volume = {8},
    url = {https://doi.org/10.1371/journal.pcbi.1002379},
    pages = {1-15},
    number = {2}
}

﻿@Article{Walambe2021,
author={Walambe, Rahee
and Nayak, Pranav
and Bhardwaj, Ashmit
and Kotecha, Ketan},
title={Employing Multimodal Machine Learning for Stress Detection},
journal={Journal of Healthcare Engineering},
year={2021},
month={Oct},
day={28},
publisher={Hindawi},
volume={2021},
pages={9356452},
doi={10.1155/2021/9356452},
url={https://doi.org/10.1155/2021/9356452}
}

